<?xml version="1.0" encoding="UTF-8"?><record xmlns="http://www.loc.gov/MARC21/slim" xmlns:cinclude="http://apache.org/cocoon/include/1.0" xmlns:zs="http://www.loc.gov/zing/srw/">
  <leader>00434cz  a2200133n  4500</leader>
  <controlfield tag="001">n  87151784 </controlfield>
  <controlfield tag="003">DLC</controlfield>
  <controlfield tag="005">20080317075746.0</controlfield>
  <controlfield tag="008">871217n| acannaabn          |n aaa      </controlfield>
  <datafield tag="010" ind1=" " ind2=" ">
    <subfield code="a">n  87151784 </subfield>
  </datafield>
  <datafield tag="035" ind1=" " ind2=" ">
    <subfield code="a">(OCoLC)oca02171416</subfield>
  </datafield>
  <datafield tag="040" ind1=" " ind2=" ">
    <subfield code="a">DLC</subfield>
    <subfield code="b">eng</subfield>
    <subfield code="c">DLC</subfield>
    <subfield code="d">DLC</subfield>
    <subfield code="d">OCoLC</subfield>
  </datafield>
  <datafield tag="100" ind1="1" ind2=" ">
    <subfield code="a">Cartier, Rachel</subfield>
  </datafield>
  <datafield tag="670" ind1=" " ind2=" ">
    <subfield code="a">Cartier, J.-P. Nous avons rencontreĚ les propheĚtes d'aujourd'hui, c1986:</subfield>
    <subfield code="b">t.p. (Rachel Cartier) cover p. 4 (professeur de yoga)</subfield>
  </datafield>
</record>